@Manual{R-base,
  title = {R: A Language and Environment for Statistical Computing},
  author = {{R Core Team}},
  organization = {R Foundation for Statistical Computing},
  address = {Vienna, Austria},
  year = {2019},
  url = {https://www.R-project.org/},
}
@Manual{R-dplyr,
  title = {dplyr: A Grammar of Data Manipulation},
  author = {Hadley Wickham and Romain François and Lionel Henry and Kirill Müller},
  year = {2019},
  note = {R package version 0.8.3},
  url = {https://CRAN.R-project.org/package=dplyr},
}
@Manual{R-forcats,
  title = {forcats: Tools for Working with Categorical Variables (Factors)},
  author = {Hadley Wickham},
  year = {2019},
  note = {R package version 0.4.0},
  url = {https://CRAN.R-project.org/package=forcats},
}
@Manual{R-ggcorrplot,
  title = {ggcorrplot: Visualization of a Correlation Matrix using 'ggplot2'},
  author = {Alboukadel Kassambara},
  year = {2019},
  note = {R package version 0.1.3},
  url = {https://CRAN.R-project.org/package=ggcorrplot},
}
@Book{R-ggplot2,
  author = {Hadley Wickham},
  title = {ggplot2: Elegant Graphics for Data Analysis},
  publisher = {Springer-Verlag New York},
  year = {2016},
  isbn = {978-3-319-24277-4},
  url = {https://ggplot2.tidyverse.org},
}
@Manual{R-ggpubr,
  title = {ggpubr: 'ggplot2' Based Publication Ready Plots},
  author = {Alboukadel Kassambara},
  year = {2018},
  note = {R package version 0.2},
  url = {https://CRAN.R-project.org/package=ggpubr},
}
@Manual{R-lsa,
  title = {lsa: Latent Semantic Analysis},
  author = {Fridolin Wild},
  year = {2015},
  note = {R package version 0.73.1},
  url = {https://CRAN.R-project.org/package=lsa},
}
@Article{R-LSAfun,
  title = {LSAfun: An R package for computations based on Latent Semantic Analysis},
  author = {Fritz G{\"u}nther and Carolin Dudschig and Barbara Kaup},
  journal = {Behavior Research Methods},
  year = {2015},
  volume = {47},
  number = {4},
  pages = {930--944},
  doi = {10.3758/s13428-014-0529-0},
}
@Manual{R-magrittr,
  title = {magrittr: A Forward-Pipe Operator for R},
  author = {Stefan Milton Bache and Hadley Wickham},
  year = {2014},
  note = {R package version 1.5},
  url = {https://CRAN.R-project.org/package=magrittr},
}
@Manual{R-papaja,
  author = {Frederik Aust and Marius Barth},
  title = {{papaja}: {Create} {APA} manuscripts with {R Markdown}},
  year = {2018},
  note = {R package version 0.1.0.9842},
  url = {https://github.com/crsh/papaja},
}
@Manual{R-patchwork,
  title = {patchwork: The Composer of Plots},
  author = {Thomas Lin Pedersen},
  year = {2019},
  note = {R package version 1.0.0},
  url = {https://CRAN.R-project.org/package=patchwork},
}
@Manual{R-purrr,
  title = {purrr: Functional Programming Tools},
  author = {Lionel Henry and Hadley Wickham},
  year = {2019},
  note = {R package version 0.3.3},
  url = {https://CRAN.R-project.org/package=purrr},
}
@Manual{R-readr,
  title = {readr: Read Rectangular Text Data},
  author = {Hadley Wickham and Jim Hester and Romain Francois},
  year = {2018},
  note = {R package version 1.3.1},
  url = {https://CRAN.R-project.org/package=readr},
}
@Article{R-reshape2,
  title = {Reshaping Data with the {reshape} Package},
  author = {Hadley Wickham},
  journal = {Journal of Statistical Software},
  year = {2007},
  volume = {21},
  number = {12},
  pages = {1--20},
  url = {http://www.jstatsoft.org/v21/i12/},
}
@Manual{R-rgl,
  title = {rgl: 3D Visualization Using OpenGL},
  author = {Daniel Adler and Duncan Murdoch and others},
  year = {2019},
  note = {R package version 0.100.19},
  url = {https://CRAN.R-project.org/package=rgl},
}
@Manual{R-SnowballC,
  title = {SnowballC: Snowball Stemmers Based on the C 'libstemmer' UTF-8 Library},
  author = {Milan Bouchet-Valat},
  year = {2019},
  note = {R package version 0.6.0},
  url = {https://CRAN.R-project.org/package=SnowballC},
}
@Manual{R-stringr,
  title = {stringr: Simple, Consistent Wrappers for Common String Operations},
  author = {Hadley Wickham},
  year = {2019},
  note = {R package version 1.4.0},
  url = {https://CRAN.R-project.org/package=stringr},
}
@Manual{R-tibble,
  title = {tibble: Simple Data Frames},
  author = {Kirill Müller and Hadley Wickham},
  year = {2019},
  note = {R package version 2.1.3},
  url = {https://CRAN.R-project.org/package=tibble},
}
@Manual{R-tidyr,
  title = {tidyr: Tidy Messy Data},
  author = {Hadley Wickham and Lionel Henry},
  year = {2019},
  note = {R package version 1.0.0},
  url = {https://CRAN.R-project.org/package=tidyr},
}
@Manual{R-tidyverse,
  title = {tidyverse: Easily Install and Load the 'Tidyverse'},
  author = {Hadley Wickham},
  year = {2017},
  note = {R package version 1.2.1},
  url = {https://CRAN.R-project.org/package=tidyverse},
}
@Manual{R-RsemanticLibrarian,
  title = {RsemanticLibrarian: Helper Functions for the Semantic Librarian},
  author = {Matt Crump},
  note = {R package version 1.0.0.0},
}
@Manual{R-vertical,
  title = {vertical: Reproducible worfklow for psychological science research asset creation and communication},
  author = {Matthew J. C. Crump and Matti Vuorre},
  note = {R package version 0.0.1.0000},
  url = {https://github.com/CrumpLab/vertical},
}
